<record><leader>00000cas a2200000Ma 4500</leader><controlfield tag="001">173716818</controlfield><controlfield tag="007">hd afa---baca</controlfield><controlfield tag="008">760620d183u1841moudn nea     0    0eng  </controlfield><datafield ind1=" " ind2=" " tag="010"><subfield code="a">sn 84020173 </subfield></datafield><datafield ind1=" " ind2=" " tag="040"><subfield code="a">DLC</subfield><subfield code="b">eng</subfield><subfield code="c">YUS</subfield><subfield code="d">OCLCQ</subfield><subfield code="d">OCLCF</subfield><subfield code="d">OCLCO</subfield><subfield code="d">OCLCQ</subfield></datafield><datafield ind1=" " ind2=" " tag="043"><subfield code="a">n-us-mo</subfield></datafield><datafield ind1="0" ind2="0" tag="050"><subfield code="a">Newspaper 8611</subfield></datafield><datafield ind1="0" ind2=" " tag="130"><subfield code="a">Missouri Argus (Saint Louis, Mo. : 1839)</subfield></datafield><datafield ind1="1" ind2="0" tag="245"><subfield code="a">Missouri Argus.</subfield></datafield><datafield ind1=" " ind2=" " tag="260"><subfield code="a">St. Louis, Mo. :</subfield><subfield code="b">T. Watson &amp; Son</subfield></datafield><datafield ind1=" " ind2=" " tag="310"><subfield code="a">Daily (except Sunday)</subfield></datafield><datafield ind1=" " ind2=" " tag="336"><subfield code="a">text</subfield><subfield code="b">txt</subfield><subfield code="2">rdacontent</subfield></datafield><datafield ind1=" " ind2=" " tag="337"><subfield code="a">microform</subfield><subfield code="b">h</subfield><subfield code="2">rdamedia</subfield></datafield><datafield ind1=" " ind2=" " tag="338"><subfield code="a">microfilm reel</subfield><subfield code="b">hd</subfield><subfield code="2">rdacarrier</subfield></datafield><datafield ind1="1" ind2=" " tag="362"><subfield code="a">Ceased in 1841.</subfield></datafield><datafield ind1=" " ind2=" " tag="580"><subfield code="a">Weekly ed.: Missouri Argus (Saint Louis, Mo. : 1835), &lt;1839&gt;-1841.</subfield></datafield><datafield ind1=" " ind2=" " tag="580"><subfield code="a">Semiweekly ed.: Missouri Argus (Saint Louis, Mo. : 1837), &lt;1839&gt;-1841.</subfield></datafield><datafield ind1="0" ind2=" " tag="588"><subfield code="a">Vol. 2, no. 130 (July 4, 1839).</subfield></datafield><datafield ind1=" " ind2=" " tag="533"><subfield code="a">Microfilm.</subfield><subfield code="b">Topeka :</subfield><subfield code="c">Kansas State Historical Society,</subfield><subfield code="d">1950.</subfield><subfield code="e">2 microfilm reels ; 35 mm.</subfield></datafield><datafield ind1=" " ind2=" " tag="539"><subfield code="a">s</subfield><subfield code="b">1950</subfield><subfield code="d">ksu</subfield><subfield code="g">a</subfield></datafield><datafield ind1=" " ind2="0" tag="651"><subfield code="a">Saint Louis (Mo.)</subfield><subfield code="v">Newspapers.</subfield></datafield><datafield ind1=" " ind2="7" tag="651"><subfield code="a">Missouri</subfield><subfield code="z">Saint Louis.</subfield><subfield code="2">fast</subfield><subfield code="0">(OCoLC)fst01204930</subfield></datafield><datafield ind1=" " ind2="7" tag="655"><subfield code="a">Newspapers.</subfield><subfield code="2">fast</subfield><subfield code="0">(OCoLC)fst01423814</subfield></datafield><datafield ind1=" " ind2=" " tag="752"><subfield code="a">United States</subfield><subfield code="b">Missouri</subfield><subfield code="d">Saint Louis.</subfield></datafield><datafield ind1="1" ind2=" " tag="775"><subfield code="t">Missouri Argus (Saint Louis, Mo. : 1835)</subfield><subfield code="w">(DLC)sn 84020176</subfield></datafield><datafield ind1="1" ind2=" " tag="775"><subfield code="t">Missouri Argus (Saint Louis, Mo. : 1837)</subfield><subfield code="w">(DLC)sn 83025356</subfield></datafield><datafield ind1="0" ind2="0" tag="785"><subfield code="t">Missouri reporter (Saint Louis, Mo. : Daily)</subfield><subfield code="w">(DLC)sn 84020266</subfield></datafield></record>